<record><leader>00000cas a2200000 a 4500</leader><controlfield tag="001">34247381</controlfield><controlfield tag="008">960222d19261932azudr ne      0    0eng d</controlfield><datafield ind1=" " ind2=" " tag="010"><subfield code="a">sn 95060744 </subfield></datafield><datafield ind1=" " ind2=" " tag="040"><subfield code="a">ANN</subfield><subfield code="b">eng</subfield><subfield code="c">ANN</subfield><subfield code="d">OCLCQ</subfield><subfield code="d">OCLCF</subfield><subfield code="d">OCLCO</subfield></datafield><datafield ind1="1" ind2=" " tag="029"><subfield code="a">AU@</subfield><subfield code="b">000012744997</subfield></datafield><datafield ind1=" " ind2=" " tag="042"><subfield code="a">msc</subfield></datafield><datafield ind1=" " ind2=" " tag="043"><subfield code="a">n-us-az</subfield></datafield><datafield ind1="0" ind2=" " tag="130"><subfield code="a">Winslow daily mail (Winslow, Ariz. : 1926)</subfield></datafield><datafield ind1="1" ind2="0" tag="245"><subfield code="a">Winslow daily mail.</subfield></datafield><datafield ind1=" " ind2=" " tag="260"><subfield code="a">Winslow, Navajo County, Ariz. :</subfield><subfield code="b">Giragi Bros.,</subfield><subfield code="c">1926-1932.</subfield></datafield><datafield ind1=" " ind2=" " tag="300"><subfield code="a">v. :</subfield><subfield code="b">ill.</subfield></datafield><datafield ind1=" " ind2=" " tag="310"><subfield code="a">Daily (except Mon.)</subfield></datafield><datafield ind1="0" ind2=" " tag="362"><subfield code="a">Vol. 35, no. 1 (Dec. 10, 1926)-v. 40, no. 197 (July 30, 1932).</subfield></datafield><datafield ind1=" " ind2="0" tag="651"><subfield code="a">Winslow (Ariz.)</subfield><subfield code="v">Newspapers.</subfield></datafield><datafield ind1=" " ind2="0" tag="651"><subfield code="a">Navajo County (Ariz.)</subfield><subfield code="v">Newspapers.</subfield></datafield><datafield ind1=" " ind2="7" tag="655"><subfield code="a">Newspapers.</subfield><subfield code="2">fast</subfield><subfield code="0">(OCoLC)fst01423814</subfield></datafield><datafield ind1=" " ind2="7" tag="651"><subfield code="a">Arizona</subfield><subfield code="z">Navajo County.</subfield><subfield code="2">fast</subfield><subfield code="0">(OCoLC)fst01217273</subfield></datafield><datafield ind1=" " ind2="7" tag="651"><subfield code="a">Arizona</subfield><subfield code="z">Winslow.</subfield><subfield code="2">fast</subfield><subfield code="0">(OCoLC)fst01217835</subfield></datafield><datafield ind1=" " ind2=" " tag="752"><subfield code="a">United States</subfield><subfield code="b">Arizona</subfield><subfield code="c">Navajo</subfield><subfield code="d">Winslow.</subfield></datafield><datafield ind1="0" ind2="0" tag="780"><subfield code="t">Winslow mail (Winslow, Ariz. : 1893)</subfield><subfield code="w">(DLC)sn 96060765</subfield></datafield><datafield ind1="0" ind2="0" tag="785"><subfield code="t">Winslow mail (Winslow, Ariz. : 1932)</subfield><subfield code="w">(DLC)sn 84024937</subfield></datafield></record>